<?xml version="1.0" encoding="UTF-8"?>
<record xmlns="http://www.loc.gov/MARC21/slim">
   <leader>01546cam a2200325Ia 4500</leader>
   <controlfield tag="001">5596338</controlfield>
   <controlfield tag="003">NjP</controlfield>
   <controlfield tag="005">20190705170140.0</controlfield>
   <controlfield tag="008">081027s1931    le            000 0 ara d</controlfield>
   <datafield tag="024" ind1="7" ind2=" ">
      <subfield code="a">princeton_aco003738</subfield>
      <subfield code="2">local</subfield>
   </datafield>
   <datafield ind1=" " ind2=" " tag="040">
      <subfield code="a">PUL</subfield>
      <subfield code="c">PUL</subfield>
   </datafield>
   <datafield ind1=" " ind2=" " tag="066">
      <subfield code="c">(3</subfield>
   </datafield>
   <datafield ind1="1" ind2=" " tag="041">
      <subfield code="a">ara</subfield>
      <subfield code="h">ota</subfield>
   </datafield>
   <datafield ind1=" " ind2=" " tag="050">
      <subfield code="a">BV4647.S39</subfield>
      <subfield code="b">L486 1931</subfield>
   </datafield>
   <datafield ind1=" " ind2=" " tag="049">
      <subfield code="a">PULL</subfield>
   </datafield>
   <datafield ind1=" " ind2=" " tag="035">
      <subfield code="a">(OCoLC)ocn263693137</subfield>
   </datafield>
   <datafield ind1="1" ind2=" " tag="100">
      <subfield code="a">Levonian, L.</subfield>
      <subfield code="q">(Lütfi),</subfield>
      <subfield code="d">1881-1961.</subfield>
      <subfield code="0">http://id.loc.gov/authorities/names/no00021035</subfield>
   </datafield>
   <datafield ind1="1" ind2="3" tag="245">
      <subfield code="6">880-01</subfield>
      <subfield code="a">al-Ḥukm ʻalá al-ṭabʻ wa-al-nafs /</subfield>
      <subfield code="c">taʾlīf Luṭfī Līfūniyān.</subfield>
   </datafield>
   <datafield ind1=" " ind2=" " tag="260">
      <subfield code="6">880-02</subfield>
      <subfield code="a">Bayrūt :</subfield>
      <subfield code="b">al-Maṭbaʻah al-Amīrkānīyah,</subfield>
      <subfield code="c">1931.</subfield>
   </datafield>
   <datafield ind1=" " ind2=" " tag="300">
      <subfield code="a">24 p. ;</subfield>
      <subfield code="c">18 cm.</subfield>
   </datafield>
   <datafield ind1=" " ind2="0" tag="440">
      <subfield code="6">880-03</subfield>
      <subfield code="a">Maktabat al-Ikhlāqīyat al-Dīnīyah ;</subfield>
      <subfield code="v">al-kitāb 6</subfield>
   </datafield>
   <datafield ind1=" " ind2=" " tag="500">
      <subfield code="6">880-04</subfield>
      <subfield code="a">"Tarjama ʻan al-Turkīyah wa-nushira bi-ʻināyat al-Maṭbaʻah al-Amīrkānīyah"</subfield>
   </datafield>
   <datafield ind1=" " ind2=" " tag="500">
      <subfield code="a">Cover t.p.</subfield>
   </datafield>
   <datafield ind1=" " ind2="0" tag="650">
      <subfield code="a">Self-control</subfield>
      <subfield code="x">Religious aspects</subfield>
      <subfield code="x">Christianity.</subfield>
      <subfield code="0">http://id.loc.gov/authorities/subjects/sh2010112523</subfield>
   </datafield>
   <datafield ind1=" " ind2="0" tag="650">
      <subfield code="a">Character.</subfield>
      <subfield code="0">http://id.loc.gov/authorities/subjects/sh85022615</subfield>
   </datafield>
   <datafield ind1="1" ind2="2" tag="880">
      <subfield code="6">245-01/(3/r</subfield>
      <subfield code="a">الحكم على الطبع والنفس /</subfield>
      <subfield code="c">تأليف لطفي ليفونيان.</subfield>
   </datafield>
   <datafield ind1=" " ind2=" " tag="880">
      <subfield code="6">260-02/(3/r</subfield>
      <subfield code="a">بيروت :</subfield>
      <subfield code="b">المطبعة الاميركانية،</subfield>
      <subfield code="c">1931.</subfield>
   </datafield>
   <datafield ind1=" " ind2="0" tag="880">
      <subfield code="6">440-03/(3/r</subfield>
      <subfield code="a">مكتبة الاخلاقية الدينية ؛ ! الكتاب 6</subfield>
   </datafield>
   <datafield ind1=" " ind2=" " tag="880">
      <subfield code="6">500-04/(3/r</subfield>
      <subfield code="a">"ترجم عن التركية ونشر بعناية المطبعة الاميركانية"</subfield>
   </datafield>
   <datafield ind1=" " ind2=" " tag="994">
      <subfield code="a">C0</subfield>
      <subfield code="b">PUL</subfield>
   </datafield>
   <datafield ind1=" " ind2=" " tag="902">
      <subfield code="a">kc</subfield>
      <subfield code="b">o</subfield>
      <subfield code="6">a</subfield>
      <subfield code="7">m</subfield>
      <subfield code="d">v</subfield>
      <subfield code="f">1</subfield>
      <subfield code="e">20081027</subfield>
   </datafield>
   <datafield ind1=" " ind2=" " tag="979">
      <subfield code="a">(OCoLC)ocn263693138</subfield>
   </datafield>
   <datafield ind1="0" ind2=" " tag="852">
      <subfield code="0">5709990</subfield>
      <subfield code="b">rcppa</subfield>
      <subfield code="h">BV4647.S39</subfield>
      <subfield code="i">L486 1931</subfield>
   </datafield>
   <datafield ind1=" " ind2=" " tag="959">
      <subfield code="a">2008-10-27 22:42:11 -0400</subfield>
   </datafield>
</record>
